%------------------------------------ 2022 ------------------------------------%

@article{Alemany2022a,
	title = {Minimum projective linearizations of trees in linear time},
	journal = {Information Processing Letters},
	volume = {174},
	pages = {106204},
	year = {2022},
	issn = {0020-0190},
	doi = {https://doi.org/10.1016/j.ipl.2021.106204},
	url = {https://www.sciencedirect.com/science/article/pii/S0020019021001198},
	author = {Llu√≠s Alemany-Puig and Juan Luis Esteban and Ramon Ferrer-i-Cancho},
}

%------------------------------------ 2021 ------------------------------------%

@article{Alemany2021a,
	title = {Linear-time calculation of the expected sum of edge lengths in projective linearizations of trees},
	author = {{Alemany-Puig}, Llu\'{i}s and {Ferrer-i-Cancho}, Ramon},
	journal = {arXiv},
	archivePrefix = {arXiv},
	arxivId = {2107.03277},
	eprint = {2107.03277},
	url = {https://arxiv.org/abs/2107.03277}, 
	year = {2021}
}

@article{Alemany2021c,
	title = {Fast calculation of the variance of edge crossings},
	author = {{Alemany-Puig}, Llu\'{i}s and {Ferrer-i-Cancho}, Ramon},
	archivePrefix = {arXiv},
	journal = {arXiv},
	arxivId = {2003.03258},
	eprint = {2003.03258},
	url = {http://arxiv.org/abs/2003.03258},
	year = {2021}
}

@article{Alemany2021d,
	title = {The Linear Arrangement Library. A new tool for research on syntactic dependency structures}, 
	author = {{Alemany-Puig}, {Llu\'is} and Esteban, {Juan Luis} and {Ferrer-i-Cancho}, Ramon},
	year = {2021},
	eprint = {2112.02512},
	url = {http://arxiv.org/abs/2112.02512},
	archivePrefix = {arXiv},
	journal = {arXiv},
	primaryClass = {cs.CL}
}

@article{Ferrer2021a, 
	title = {The optimality of syntactic dependency distances}, 
	author = {{Ferrer-i-Cancho}, Ramon and {G\'{o}mez-Rodr\'{i}guez}, Carlos and Esteban, {Juan Luis} and {Alemany-Puig}, Llu\'{i}s}, 
	journal = {Physical Review E}, 
	archivePrefix = {arXiv},
	arxivId = {2007.15342}, 
	eprint = {2007.15342},
	pages = {in press},
	url = {http://arxiv.org/abs/2007.15342}, 
	year = {2020}
}

%------------------------------------ 2020 ------------------------------------%

@article{Alemany2020a,
	doi = {10.1088/1742-5468/ab6845},
	url = {http://dx.doi.org/10.1088/1742-5468/ab6845},
	year = 2020,
	month = {feb},
	publisher = {{IOP} Publishing},
	volume = {2020},
	number = {2},
	pages = {023403},
	author = {Llu{\'{i}}s Alemany-Puig and Ramon Ferrer-i-Cancho},
	title = {Edge crossings in random linear arrangements},
	journal = {Journal of Statistical Mechanics: Theory and Experiment}
}

@article{Alemany2020b, 
	doi = {10.1088/1742-5468/aba0ab}, 
	url = {http://dx.doi.org/10.1088/1742-5468/aba0ab}, 
	year = 2020, 
	month = {aug}, 
	publisher = {{IOP} Publishing}, 
	volume = {2020}, 
	number = {8}, 
	pages = {083401}, 
	author = {Llu{\'{i}}s Alemany-Puig and Merc{\`{e}} Mora and Ramon Ferrer-i-Cancho}, 
	title = {Reappraising the distribution of the number of edge crossings of graphs on a sphere}, 
	journal = {Journal of Statistical Mechanics: Theory and Experiment}
}

%------------------------------------ 2019 ------------------------------------%

@mastersthesis{Alemany2019a,
	author = {Alemany-Puig, Llu{\'{i}}s},
	number = {July},
	school = {Universitat Polit{\`{e}}cnica de Catalunya},
	title = {{Edge crossings in linear arrangements: from theory to algorithms and applications}},
	type = {Master Thesis},
	url = {http://hdl.handle.net/2117/168124},
	year = {2019}
}
