%------------------------------------ 2024 ------------------------------------%

@article{Alemany2024a,
	title = {{The maximum linear arrangement problem for trees under projectivity and planarity}},
	author = {{A.-P.}, L. and Esteban, Juan~Luis and {Ferrer-i-Cancho}, Ramon},
	journal = {Information Processing Letters},
	year = {2024},
	volume = {183},
	pages = {106400},
	issn = {0020-0190},
	doi = {10.1016/j.ipl.2023.106400},
	url = {https://arxiv.org/abs/2206.06924},
}

@article{Alemany2024b,
	title = {{The expected sum of edge lengths in planar linearizations of trees}},
	author = {{A.-P.}, L. and {Ferrer-i-Cancho}, Ramon},
	journal = {Journal of Language Modelling},
	arxivId = {2207.05564},
	doi = {10.15398/jlm.v12i1.362},
	url = {https://arxiv.org/abs/2207.05564},
	vol = {12},
	number = {1},
	pages = {1--42},
	month = {2},
	year = {2024}
}

%------------------------------------ 2023 ------------------------------------%

@article{Alemany2023a,
	title = {{On The Maximum Linear Arrangement Problem for Trees}},
	author = {{A.-P.}, L. and Esteban, Juan~Luis and {Ferrer-i-Cancho}, Ramon},
	journal = {arXiv},
	arxivId = {2312.04487},
	url = {https://arxiv.org/abs/2312.04487},
	year = {2023}
}

@article{Azar2023a,
	title = {{Multi Layer Peeling for Linear Arrangement and Hierarchical Clustering}},
	author = {Azar, Yossi and Vainstein, Danny},
	year = {2023},
	eprint = {2305.01367},
	archivePrefix = {arXiv},
	primaryClass = {cs.DS}
}

@article{Komori2023a,
	title = {{Measuring learners proficiency}},
	author = {Komori, Saeko and Sugiura, Masatoshi and {Ferrer-i-Cancho}, Ramon and {A.-P.}, L. and Li, Wenping},
	year = {2023},
	pages = {in preparation}
}

@article{Munoz2023a,
	title = {{Contrasting Linguistic Patterns in Human and LLM-Generated Text}},
	author = {{Mu{\~n}oz-Ortiz}, Alberto and {G\'{o}mez-Rodr\'{i}guez}, Carlos and Vilares, David},
	journal = {arXiv},
	arxivId = {2308.09067},
	url = {https://arxiv.org/abs/2308.09067},
	year = {2023}
}

%------------------------------------ 2022 ------------------------------------%

@article{Alemany2022a,
	title = {{Minimum projective linearizations of trees in linear time}},
	journal = {Information Processing Letters},
	author = {{A.-P.}, L. and Esteban, Juan~Luis and {Ferrer-i-Cancho}, Ramon},
	year = {2022},
	volume = {174},
	pages = {106204},
	issn = {0020-0190},
	doi = {10.1016/j.ipl.2021.106204},
	url = {https://arxiv.org/abs/2102.03277}
}

@article{Alemany2022b,
	title = {{Linear-time calculation of the expected sum of edge lengths in projective linearizations of trees}},
	author = {{A.-P.}, L. and {Ferrer-i-Cancho}, Ramon},
	journal = {Computational Linguistics},
	month = {04},
	year = {2022},
	volume = {48},
	number = {3},
	pages = {491-516},
	issn = {0891-2017},
	doi = {10.1162/coli_a_00442},
	url = {https://arxiv.org/abs/2107.03277}
}

@article{Ferrer2022a,
	title = {{Optimality of syntactic dependency distances}},
	author = {{Ferrer-i-Cancho}, Ramon and {G\'{o}mez-Rodr\'{i}guez}, Carlos and Esteban, Juan~Luis and {A.-P.}, L.},
	journal = {Physical Review E},
	volume = {105},
	issue = {1},
	pages = {014308},
	numpages = {34},
	year = {2022},
	month = {1},
	publisher = {American Physical Society},
	doi = {10.1103/PhysRevE.105.014308},
	url = {https://arxiv.org/abs/2007.15342}
}

@article{Gomez2022a,
	title = {{Memory limitations are hidden in grammar}},
	author = {{G\'{o}mez-Rodr\'{i}guez}, Carlos and Christiansen, {Morten H.} and {Ferrer-i-Cancho}, Ramon},
	journal = {Glottometrics},
	volume = {52},
	year = {2022},
	pages = {39-64},
	doi = {10.53482/2022_52_397},
	url = {https://arxiv.org/abs/1908.06629}
}

@article{Ouyang2022a,
	title = {{Dependency distance measures in assessing L2 writing proficiency}},
	journal = {Assessing Writing},
	author = {Ouyang, Jinghui and Jiang, Jingyang and Liu, Haitao},
	volume = {51},
	doi = {10.1016/j.asw.2021.100603},
	year = {2022}
}

@article{Oya2022a,
	title = {{Differences of Mean Dependency Distances of English Essays Written by Learners of Different Proficiency Levels}},
	author = {Oya, Masanori},
	doi = {10.53482/2022_53_400},
	month = {01},
	journal = {GLOTTOMETRICS},
	issue = {53},
	pages = {24-41},
	year = {2022}
}

@article{Yadav2022a,
	title = {{Assessing corpus evidence for formal and psycholinguistic constraints on nonprojectivity}},
	author = {Yadav, Himanshu and Husain, Samar and Futrell, Richard},
	journal = {Computational Linguistics},
	pages = {1-27},
	year = {2022},
	month = {03},
	doi = {10.1162/coli_a_00437}
}

%------------------------------------ 2021 ------------------------------------%

@inproceedings{Alemany2021a,
	title = {{The Linear Arrangement Library. A new tool for research on syntactic dependency structures}},
	author = {{A.-P.}, L. and Esteban, Juan~Luis and {Ferrer-i-Cancho}, Ramon},
	arxivId = {2112.02512},
	booktitle = {{Proceedings of the Second Workshop on Quantitative Syntax (Quasy, SyntaxFest 2021)}},
	url = {https://aclanthology.org/2021.quasy-1.1},
	month = {12},
	year = {2021},
	address = {Sofia, Bulgaria},
	publisher = {Association for Computational Linguistics},
	pages = {1--16}
}

@article{Ferrer2021a,
	title = {{Bounds of the sum of edge lengths in linear arrangements of trees}},
	author = {{Ferrer-i-Cancho}, Ramon and {G\'{o}mez-Rodr\'{i}guez}, Carlos and Esteban, Juan~Luis},
	journal = {Journal of Statistical Mechanics: Theory and Experiment},
	doi = {10.1088/1742-5468/abd4d7},
	issn = {1742-5468},
	issue = {2},
	month = {2},
	pages = {023403},
	volume = {2021},
	url = {https://arxiv.org/abs/2006.14069},
	year = {2021}
}

@inproceedings{Kramer2021a,
	title = {{Dependency Lengths in Speech and Writing: A Cross-Linguistic Comparison via YouDePP, a Pipeline for Scraping and Parsing YouTube Captions}},
	author = {Kramer, Alex},
	year = {2021},
	booktitle = {Proceedings of the Society for Computation in Linguistics}, 
	volume = {4},
	number = {37},
	pages = {359--365},
	doi = {10.7275/pz9g-d780}
}

@inproceedings{Macutek2021a,
	title = {{The Menzerath-Altmann law in syntactic structure revisited}},
	author = {Ma\v{c}utek, J\'{a}n and \v{C}ech, Radek and Courtin, Marine},
	booktitle = {Proceedings of the Second Workshop on Quantitative Syntax (Quasy, SyntaxFest 2021)},
	month = 12,
	year = {2021},
	address = {Sofia, Bulgaria},
	publisher = {Association for Computational Linguistics},
	url = {https://aclanthology.org/2021.quasy-1.6},
	pages = {65--73}
}

@article{Yadav2021a,
	title = {{Do dependency lengths explain constraints on crossing dependencies?}},
	author = {Yadav, Himanshu and Husain, Samar and Futrell, Richard},
	doi = {10.1515/lingvan-2019-0070},
	url = {https://doi.org/10.1515/lingvan-2019-0070},
	journal = {Linguistics Vanguard},
	number = {s3},
	volume = {7},
	year = {2021},
	pages = {20190070}
}

@mastersthesis{Zundorf2021a,
	title = {{Minimum Linear Arrangement revisited}},
	author = {Z\"undorf, Michael},
	school = {Institute of Theoretical Informatics -- Karlsruhe Institute of Technology},
	year = {2021},
	url = {https://scale.iti.kit.edu/_media/resources/theses/ma_zuendorf.pdf}
}

%------------------------------------ 2020 ------------------------------------%

@article{Alemany2020a,
	title = {{Edge crossings in random linear arrangements}},
	author = {{A.-P.}, L. and {Ferrer-i-Cancho}, Ramon},
	journal = {Journal of Statistichal Mechanics},
	doi = {10.1088/1742-5468/ab6845},
	issue = {2},
	pages = {023403},
	volume = {2020},
	url = {https://arxiv.org/abs/1910.03926},
	year = {2020}
}

@article{Alemany2020b,
	title = {{Reappraising the distribution of the number of edge crossings of graphs on a sphere}},
	author = {{A.-P.}, L. and Mora, Merc\`{e} and {Ferrer-i-Cancho}, Ramon},
	journal = {Journal of Statistical Mechanics: Theory and Experiment},
	doi = {10.1088/1742-5468/aba0ab},
	issue = {8},
	pages = {083401},
	volume = {2020},
	url = {https://arxiv.org/abs/2003.03353},
	year = {2020}
}

@article{Alemany2020c,
	title = {{Fast calculation of the variance of edge crossings}},
	author = {{A.-P.}, L. and {Ferrer-i-Cancho}, Ramon},
	archivePrefix = {arXiv},
	journal = {arXiv},
	arxivId = {2003.03258},
	eprint = {2003.03258},
	url = {https://arxiv.org/abs/2003.03258},
	year = {2021}
}

@mastersthesis{Bommasani2020a,
	title = {{Generalized Optimal Linear Orders}},
	author = {Bommasani, Rishi},
	school = {Cornell University},
	pages = {210},
	year = {2020},
	url = {https://arxiv.org/abs/2108.10692}
}

@article{Futrell2020a,
	title = {{Dependency locality as an explanatory principle for word order}},
	author = {Futrell, Richard and Levy, {Roger P.} and Gibson, Edward},
	year = {2020},
	journal = {Language},
	volume = {96},
	number = {2},
	pages = {371-412},
	doi = {10.1353/lan.2020.0024}
}

@article{Johnson2020a,
	title = {{The proportion of trees that are linear}},
	author = {Wakhare, Tanay and Wityk, Eric and Johnson, {Charles R.}},
	journal = {Discrete Mathematics},
	volume = {343},
	number = {10},
	pages = {112008},
	year = {2020},
	issn = {0012-365X},
	doi = {10.1016/j.disc.2020.112008},
	url = {https://www.sciencedirect.com/science/article/pii/S0012365X20301941}
}

@misc{UniversalDependencies26,
	title = {{Universal Dependencies 2.6}},
	author = {Zeman, Daniel and Nivre, Joakim and Abrams, Mitchell and Ackermann, Elia and Aepli, No{\"e}mi and Agi\'{c}, \v{Z}eljko and Ahrenberg, Lars and Ajede, {Chika Kennedy} and Aleksandravi\v{c}i\={u}t\.{e}, Gabriel\.{e} and Antonsen, Lene and Aplonova, Katya and Aquino, Angelina and Aranzabe, {Maria Jes\'{u}s} and Arutie, Gashaw and Asahara, Masayuki and Ateyah, Luma and Atmaca, Furkan and Attia, Mohammed and Atutxa, Aitziber and Augustinus, Liesbeth and Badmaeva, Elena and Ballesteros, Miguel and Banerjee, Esha and Bank, Sebastian and {Barbu Mititelu}, Verginica and Basmov, Victoria and Batchelor, Colin and Bauer, John and Bengoetxea, Kepa and Berzak, Yevgeni and Bhat, {Irshad Ahmad} and Bhat, {Riyaz Ahmad} and Biagetti, Erica and Bick, Eckhard and Bielinskien\.{e}, Agn\.{e} and Blokland, Rogier and Bobicev, Victoria and Boizou, Lo\"{i}c and {Borges V\"{o}lker}, Emanuel and B\"{o}rstell, Carl and Bosco, Cristina and Bouma, Gosse and Bowman, Sam and Boyd, Adriane and Brokait\.{e}, Kristina and Burchardt, Aljoscha and Candito, Marie and Caron, Bernard and Caron, Gauthier and Cavalcanti, Tatiana and {Cebiro\u{g}lu Eryi\u{g}it}, G\"{u}l\c{s}en and Cecchini, Flavio Massimiliano and Celano, Giuseppe G. A. and \v{C}\'{e}pl\"{o}, Slavom\'{i}r and Cetin, Savas and Chalub, Fabricio and Chi, Ethan and Choi, Jinho and Cho, Yongseok and Chun, Jayeol and Cignarella, Alessandra T. and Cinkov\'{a}, Silvie and Collomb, Aur\'{e}lie and \c{C}\"{o}ltekin, \c{C}a\u{g}r{\i} and Connor, Miriam and Courtin, Marine and Davidson, Elizabeth and {de Marneffe}, {Marie-Catherine} and de Paiva, Valeria and de Souza, Elvis and Diaz de Ilarraza, Arantza and Dickerson, Carly and Dione, Bamba and Dirix, Peter and Dobrovoljc, Kaja and Dozat, Timothy and Droganova, Kira and Dwivedi, Puneet and Eckhoff, Hanne and Eli, Marhaba and Elkahky, Ali and Ephrem, Binyam and Erina, Olga and Erjavec, Toma\v{z} and Etienne, Aline and Evelyn, Wograine and Farkas, Rich\'{a}rd and Fernandez Alcalde, Hector and Foster, Jennifer and Freitas, Cl\'{a}udia and Fujita, Kazunori and Gajdo\v{s}ov\'{a}, Katar\'{i}na and Galbraith, Daniel and Garcia, Marcos and G\"{a}rdenfors, Moa and Garza, Sebastian and Gerdes, Kim and Ginter, Filip and Goenaga, Iakes and Gojenola, Koldo and G\"{o}k{\i}rmak, Memduh and Goldberg, Yoav and G\'{o}mez Guinovart, Xavier and Gonz\'{a}lez Saavedra, Berta and Grici\={u}t\.{e}, Bernadeta and Grioni, Matias and Grobol, Lo\"{i}c and Gr\={u}z\={i}tis, Normunds and Guillaume, Bruno and {Guillot-Barbance}, C\'{e}line and G\"{u}ng\"{o}r, Tunga and Habash, Nizar and Haji\v{c}, Jan and Haji\v{c} jr., Jan and H\"{a}m\"{a}l\"{a}inen, Mika and {H\`{a} M\~{y}}, Linh and Han, {Na-Rae} and Harris, Kim and Haug, Dag and Heinecke, Johannes and Hellwig, Oliver and Hennig, Felix and Hladk\'{a}, Barbora and Hlav\'{a}\v{c}ov\'{a}, Jaroslava and Hociung, Florinel and Hohle, Petter and Hwang, Jena and Ikeda, Takumi and Ion, Radu and Irimia, Elena and Ishola, \d{O}l\'{a}j\'{i}d\'{e} and Jel\'{i}nek, Tom\'{a}\v{s} and Johannsen, Anders and J\'{o}nsd\'{o}ttir, Hildur and J{\o}rgensen, Fredrik and Juutinen, Markus and Ka\c{s}{\i}kara, H\"{u}ner and Kaasen, Andre and Kabaeva, Nadezhda and Kahane, Sylvain and Kanayama, Hiroshi and Kanerva, Jenna and Katz, Boris and Kayadelen, Tolga and Kenney, Jessica and Kettnerov\'{a}, V\'{a}clava and Kirchner, Jesse and Klementieva, Elena and K\"{o}hn, Arne and K\"{o}ksal, Abdullatif and Kopacewicz, Kamil and Korkiakangas, Timo and Kotsyba, Natalia and Kovalevskait\.{e}, Jolanta and Krek, Simon and Kwak, Sookyoung and Laippala, Veronika and Lambertino, Lorenzo and Lam, Lucia and Lando, Tatiana and Larasati, Septina Dian and Lavrentiev, Alexei and Lee, John and L\^{e} H\`\^{o}ng, Phương and Lenci, Alessandro and Lertpradit, Saran and Leung, Herman and Levina, Maria and Li, Cheuk Ying and Li, Josie and Li, Keying and Lim, KyungTae and Li, Yuan and Ljube\v{s}i\'{c}, Nikola and Loginova, Olga and Lyashevskaya, Olga and Lynn, Teresa and Macketanz, Vivien and Makazhanov, Aibek and Mandl, Michael and Manning, Christopher and Manurung, Ruli and M\u{a}r\u{a}nduc, C\u{a}t\u{a}lina and Mare\v{c}ek, David and Marheinecke, Katrin and {Mart\'{i}nez Alonso}, H\'{e}ctor and Martins, Andr\'{e} and Ma\v{s}ek, Jan and Matsuda, Hiroshi and Matsumoto, Yuji and McDonald, Ryan and {McGuinness}, Sarah and Mendon{\c c}a, Gustavo and Miekka, Niko and Misirpashayeva, Margarita and Missil\"{a}, Anna and Mititelu, C\u{a}t\u{a}lin and Mitrofan, Maria and Miyao, Yusuke and Montemagni, Simonetta and More, Amir and Moreno Romero, Laura and Mori, Keiko Sophie and Morioka, Tomohiko and Mori, Shinsuke and Moro, Shigeki and Mortensen, Bjartur and Moskalevskyi, Bohdan and Muischnek, Kadri and Munro, Robert and Murawaki, Yugo and M\"{u}\"{u}risep, Kaili and Nainwani, Pinkey and Navarro Hor{\~n}iacek, Juan Ignacio and Nedoluzhko, Anna and {Ne\v{s}pore-B\={e}rzkalne}, Gunta and Nguy\~\^{e}n Th\d{i}, Lương and {Nguy\~\^{e}n Th\d{i} Minh}, Huy\`\^{e}n and Nikaido, Yoshihiro and Nikolaev, Vitaly and Nitisaroj, Rattima and Nurmi, Hanna and Ojala, Stina and Ojha, {Atul Kr.} and Ol\'{u}\`{o}kun, Ad\'{e}day\d{o}̀ and Omura, Mai and Onwuegbuzia, Emeka and Osenova, Petya and \"{o}stling, Robert and {\O}vrelid, Lilja and \"{o}zate\c{s}, \c{S}aziye Bet\"{u}l and \"{o}zg\"{u}r, Arzucan and \"{o}zt\"{u}rk Ba\c{s}aran, Balk{\i}z and Partanen, Niko and Pascual, Elena and Passarotti, Marco and Patejuk, Agnieszka and {Paulino-Passos}, Guilherme and {Peljak-{\L}api{\'n}ska}, Angelika and Peng, Siyao and Perez, {Cenel-Augusto} and Perrier, Guy and Petrova, Daria and Petrov, Slav and Phelan, Jason and Piitulainen, Jussi and Pirinen, Tommi A and Pitler, Emily and Plank, Barbara and Poibeau, Thierry and Ponomareva, Larisa and Popel, Martin and Pretkalni{\c n}a, Lauma and Pr\'{e}vost, Sophie and Prokopidis, Prokopis and Przepi\'{o}rkowski, Adam and Puolakainen, Tiina and Pyysalo, Sampo and Qi, Peng and R\"{a}\"{a}bis, Andriela and Rademaker, Alexandre and Ramasamy, Loganathan and Rama, Taraka and Ramisch, Carlos and Ravishankar, Vinit and Real, Livy and Rebeja, Petru and Reddy, Siva and Rehm, Georg and Riabov, Ivan and Rie{\ss}ler, Michael and Rimkut\.{e}, Erika and Rinaldi, Larissa and Rituma, Laura and Rocha, Luisa and Romanenko, Mykhailo and Rosa, Rudolf and Ro\c{s}ca, Valentin and Rovati, Davide and Rudina, Olga and Rueter, Jack and Sadde, Shoval and Sagot, Beno\^{i}t and Saleh, Shadi and Salomoni, Alessio and Samard\v{z}i\'{c}, Tanja and Samson, Stephanie and Sanguinetti, Manuela and S\"{a}rg, Dage and Saul\={i}te, Baiba and Sawanakunanon, Yanin and Scarlata, Salvatore and Schneider, Nathan and Schuster, Sebastian and Seddah, Djam\'{e} and Seeker, Wolfgang and Seraji, Mojgan and Shen, Mo and Shimada, Atsuko and Shirasu, Hiroyuki and Shohibussirri, Muh and Sichinava, Dmitry and Silveira, Aline and Silveira, Natalia and Simi, Maria and Simionescu, Radu and Simk\'{o}, Katalin and \v{S}imkov\'{a}, M\'{a}ria and Simov, Kiril and Skachedubova, Maria and Smith, Aaron and {Soares-Bastos}, Isabela and Spadine, Carolyn and Stella, Antonio and Straka, Milan and Strnadov\'{a}, Jana and Suhr, Alane and Sulubacak, Umut and Suzuki, Shingo and Sz\'{a}nt\'{o}, Zsolt and Taji, Dima and Takahashi, Yuta and Tamburini, Fabio and Tanaka, Takaaki and Tella, Samson and Tellier, Isabelle and Thomas, Guillaume and Torga, Liisi and Toska, Marsida and Trosterud, Trond and Trukhina, Anna and Tsarfaty, Reut and T\"{u}rk, Utku and Tyers, Francis and Uematsu, Sumire and Untilov, Roman and Ure\v{s}ov\'{a}, Zde\v{n}ka and Uria, Larraitz and Uszkoreit, Hans and Utka, Andrius and Vajjala, Sowmya and van Niekerk, Daniel and van Noord, Gertjan and Varga, Viktor and Villemonte de la Clergerie, Eric and Vincze, Veronika and Wakasa, Aya and Wallin, Lars and Walsh, Abigail and Wang, Jing Xian and Washington, Jonathan North and Wendt, Maximilan and Widmer, Paul and Williams, Seyi and Wir\'{e}n, Mats and Wittern, Christian and Woldemariam, Tsegay and Wong, {Tak-sum} and Wr\'{o}blewska, Alina and Yako, Mary and Yamashita, Kayo and Yamazaki, Naoki and Yan, Chunxiao and Yasuoka, Koichi and Yavrumyan, {Marat M.} and Yu, Zhuoran and \v{Z}abokrtsk\'{y}, Zden\v{e}k and Zeldes, Amir and Zhu, Hanzhi and Zhuravleva, Anna},
	url = {http://hdl.handle.net/11234/1-3226},
	note = {{LINDAT}/{CLARIAH}-{CZ} digital library at the Institute of Formal and Applied Linguistics ({\'{u}FAL}), Faculty of Mathematics and Physics, Charles University},
	copyright = {Licence Universal Dependencies v2.6},
	year = {2020}
}

%------------------------------------ 2019 ------------------------------------%

@mastersthesis{Alemany2019a,
	title = {{Edge crossings in linear arrangements: from theory to algorithms and applications.}},
	author = {{A.-P.}, L.},
	year = {2019},
	type = {{Master Thesis (M. Sc.)}},
	location = {Barcelona, Spain},
	institution = {Universitat Polit\`ecnica de Catalunya - BarcelonaTech (UPC)},
	publisher = {Universitat Polit\`ecnica de Catalunya - BarcelonaTech (UPC)},
	url = {https://upcommons.upc.edu/handle/2117/168124}
}

@inproceedings{Anderson2019a,
	title = {{Artificially Evolved Chunks for Morphosyntactic Analysis}},
	author = {Anderson, Mark and Vilares, David and {G\'{o}mez-Rodr\'{i}guez}, Carlos},
	booktitle = {Proceedings of the 18th International Workshop on Treebanks and Linguistic Theories (TLT, SyntaxFest 2019)},
	month = 08,
	year = {2019},
	address = {Paris, France},
	publisher = {Association for Computational Linguistics},
	url = {https://aclanthology.org/W19-7815},
	doi = {10.18653/v1/W19-7815},
	pages = {133--143},
}

@article{Bennett2019a,
	title = {{Weighted Tur\'{a}n problems with applications}},
	author = {Bennett, Patrick and English, Sean and {Talanda-Fisher}, Maria},
	journal = {Discrete Mathematics},
	doi = {10.1016/j.disc.2019.04.007},
	issn = {0012365X},
	issue = {8},
	month = {8},
	pages = {2165-2172},
	publisher = {Elsevier B.V.},
	volume = {342},
	year = {2019}
}

@article{Ferrer2019a,
	title = {{The sum of edge lengths in random linear arrangements}},
	author = {{Ferrer-i-Cancho}, Ramon},
	journal = {Journal of Statistical Mechanics},
	number = {5},
	pages = {053401},
	publisher = {IOP Publishing},
	volume = {2019},
	year = {2019},
	doi = {10.1088/1742-5468/ab11e2}
}

@article{Ferrer2019b, 
	title = {{Anti dependency distance minimization in short sequences. A graph theoretic approach}},
	author = {{Ferrer-i-Cancho}, Ramon and {G\'{o}mez-Rodr\'{i}guez}, Carlos},
	year = {2021},
	journal = {Journal of Quantitative Linguistics}, 
	volume = {28},
	number = {1},
	pages = {50-76},
	doi = {10.1080/09296174.2019.1645547},
	url = {https://arxiv.org/abs/1906.05765}
}

@inproceedings{Heinecke2019a,
	title = {{ConlluEditor: a fully graphical editor for Universal dependencies treebank files}},
	author = {Heinecke, Johannes},
	booktitle = {Proceedings of the Third Workshop on Universal Dependencies (UDW, SyntaxFest 2019)},
	month = {08},
	year = {2019},
	address = {Paris, France},
	publisher = {Association for Computational Linguistics},
	url = {https://aclanthology.org/W19-8010},
	doi = {10.18653/v1/W19-8010},
	pages = {87--93},
}

@inproceedings{Komori2019a,
	title = {{Examining MDD and MHD as Syntactic Complexity Measures with Intermediate Japanese Learner Corpus Data}},
	author = {Komori, Saeko and Sugiura, Masatoshi and Li, Wenping},
	booktitle = {Proceedings of the Fifth International Conference on Dependency Linguistics (Depling, SyntaxFest 2019)},
	month = {08},
	year = {2019},
	address = {Paris, France},
	publisher = {Association for Computational Linguistics},
	url = {https://www.aclweb.org/anthology/W19-7715},
	doi = {10.18653/v1/W19-7715},
	pages = {130--135}
}

@mastersthesis{Nurse2019a,
	title = {{Maximum linear arrangement of directed graphs}},
	author = {Nurse, Kathryn},
	school = {Simon Fraser University},
	year = {2019},
	url = {https://summit.sfu.ca/item/19406}
}

@article{Osborne2019a, 
	title = {{The status of function words in dependency grammar: A critique of Universal Dependencies (UD)}},
	author = {Osborne, Timothy and Gerdes, Kim},
	year = {2019},
	journal = {Glossa: A Journal of General Linguistics}, 
	volume = {4},
	number = {1}, 
	pages = {17},
	doi = {10.5334/gjgl.537}
}

@inproceedings{Pashanasangi2019a,
	title = {{Efficiently Counting Vertex Orbits of All 5-Vertex Subgraphs, by EVOKE}},
	author = {Pashanasangi, Noujan and Seshadhri, C.},
	year = {2020},
	isbn = {9781450368223},
	publisher = {Association for Computing Machinery},
	address = {New York, NY, USA},
	doi = {10.1145/3336191.3371773},
	booktitle = {Proceedings of the 13th International Conference on Web Search and Data Mining},
	pages = {447--455},
	numpages = {9},
	keywords = {orbit counting, subgraph counting, pattern cutting, graph orientations, motif analysis},
	location = {Houston, TX, USA},
	series = {WSDM '20}
}

@inproceedings{Yadav2019a,
	title = {{Are formal restrictions on crossing dependencies epiphenominal?}},
	author = {Yadav, Himanshu and Husain, Samar and Futrell, Richard},
	booktitle = {Proceedings of the 18th International Workshop on Treebanks and Linguistic Theories (TLT, SyntaxFest 2019)},
	month = {08},
	year = {2019},
	address = {Paris, France},
	publisher = {Association for Computational Linguistics},
	url = {https://www.aclweb.org/anthology/W19-7802},
	pages = {2--12}
}

@inproceedings{Yan2019a,
	title = {{What can we learn from natural and artificial dependency trees}},
	author = {Courtin, Marine and Yan, Chunxiao},
	booktitle = {Proceedings of the First Workshop on Quantitative Syntax (Quasy, SyntaxFest 2019)},
	month = {08},
	year = {2019},
	address = {Paris, France},
	publisher = {Association for Computational Linguistics},
	url = {https://aclanthology.org/W19-7915},
	doi = {10.18653/v1/W19-7915},
	pages = {125--135},
}

%------------------------------------ 2018 ------------------------------------%

@inproceedings{Alzetta2018a,
	title = {{Universal Dependencies and Quantitative Typological Trends. A Case Study on Word Order}},
	author = {Alzetta, Chiara and Dell{'}Orletta, Felice and Montemagni, Simonetta and Venturi, Giulia},
	booktitle = {Proceedings of the Eleventh International Conference on Language Resources and Evaluation ({LREC} 2018)},
	month = may,
	year = {2018},
	address = {Miyazaki, Japan},
	publisher = {European Language Resources Association (ELRA)},
	url =  {https://aclanthology.org/L18-1719}
}

@article{Chimani2018a,
	title = {{On the Maximum Crossing number}},
	author = {Chimani, Markus and Felsner, Stefan and Kobourov, Stephen and Ueckerdt, Torsten and Valtr, Pavel and Wolff, Alexander},
	journal = {Journal of Graph Algorithms and Applications},
	doi = {10.7155/jgaa.00458},
	issn = {15261719},
	issue = {1},
	pages = {67-87},
	volume = {22},
	year = {2018}
}

@article{Ferrer2018a,
	title = {{Are crossing dependencies really scarce?}},
	author = {{Ferrer-i-Cancho}, Ramon and {G\'{o}mez-Rodr\'{i}guez}, Carlos and Esteban, Juan~Luis},
	journal = {Physica A: Statistical Mechanics and its Applications},
	volume = {493},
	pages = {311-329},
	year = {2018},
	doi = {10.1016/j.physa.2017.10.048}
}

@article{Gallian2018a,
	title = {{Graph Labeling}},
	author = {Joseph A. Gallian},
	doi = {10.37236/27},
	year = {2018},
	month = 12,
	publisher = {The Electronic Journal of Combinatorics},
	volume = {1000},
	journal = {The Electronic Journal of Combinatorics}
}

@inproceedings{Gerdes2018a,
	title = {{SUD or Surface-syntactic Universal Dependencies: an annotation scheme near-isomorphic to UD}},
	author = {Gerdes, Kim and Guillaume, Bruno and Kahane, Sylvain and Perrier, Guy},
	booktitle = {Proceedings of the Second Workshop on Universal Dependencies ({UDW} 2018)},
	month = {11},
	year = {2018},
	address = {Brussels, Belgium},
	publisher = {Association for Computational Linguistics},
	pages = {66--74},
	doi = {10.18653/v1/W18-6008}
}

@book{Jiang2018a,
	title = {{Quantitative Analysis of Dependency Structures}},
	editor = {Jiang, Jingyang and Liu, Haitao},
	year = {2018},
	address = {Berlin},
	edition = {1},
	isbn = { 9783110565775},
	publisher = {De Gruyter Mouton}
}

@book{Johnson2018a,
	title = {{Eigenvalues, Multiplicities and Graphs}},
	author = {Johnson, {Charles R.} and Saiago, {Carlos M.}},
	place = {Cambridge},
	series = {Cambridge Tracts in Mathematics},
	doi = {10.1017/9781316155158},
	publisher = {Cambridge University Press},
	year = {2018},
	collection = {Cambridge Tracts in Mathematics}
}

@article{Juttner2018a,
	title = {{VF2++ -- An improved subgraph isomorphism algorithm}},
	author = {J\"{u}ttner, Alp\'{a}r and Madarasi, P\'{e}ter},
	journal = {Discrete Applied Mathematics},
	volume = {242},
	pages = {69-81},
	year = {2018},
	note = {Computational Advances in Combinatorial Optimization},
	issn = {0166-218X},
	doi = {10.1016/j.dam.2018.02.018},
	url = {https://www.sciencedirect.com/science/article/pii/S0166218X18300829},
	keywords = {Computational biology, Subgraph isomorphism problem}
}

@article{Nurse2018a,
	title = {{A Maximum Linear Arrangement Problem on Directed Graphs}}, 
	journal = {arXiv},
	author = {DeVos, Matt and Nurse, Kathryn},
	year = {2018},
	eprint = {1810.12277},
	archivePrefix = {arXiv},
	primaryClass = {cs.DS}
}

@incollection{Rudnicka2018a,
	title = {{Variation of sentence length across time and genre: influence on the syntactic usage in English}},
	author = {Rudnicka, Karolina},
	year = {2018},
	month = {11},
	pages = {219--240},
	editor = {Richard J. Whitt},
	booktitle = {Diachronic corpora, genre, and language change},
	publisher = {John Benjamins},
	isbn = {9789027263506},
	journal = {Studies in Corpus Linguistics},
	doi = {10.1075/scl.85.10rud}
}

@article{Schaefer2018a,
	title = {{The graph crossing number and its variants: A survey}},
	author = {Schaefer, Marcus},
	journal = {Electronic Journal of Combinatorics},
	doi = {10.37236/2713},
	issn = {10778926},
	issue = {DynamicSurveys},
	pages = {1-113},
	volume = {1},
	year = {2018}
}

@article{Temperley2018a,
	title = {{Minimizing syntactic dependency Lengths: Typological/Cognitive universal?}},
	author = {Temperley, David and Gildea, Daniel},
	journal = {Annual Review of Linguistics},
	volume = {4},
	number = {1},
	pages = {67--80},
	year = {2018},
	doi = {10.1146/annurev-linguistics-011817-045617},
	url = {https://www.annualreviews.org/doi/abs/10.1146/annurev-linguistics-011817-045617}
}

@inproceedings{Wang2018a,
	title = {{Synthetic Data Made to Order: The Case of Parsing}},
	author = {Wang, Dingquan and Eisner, Jason},
	booktitle = {Proceedings of the 2018 Conference on Empirical Methods in Natural Language Processing},
	month = {10},
	year = {2018},
	address = {Brussels, Belgium},
	publisher = {Association for Computational Linguistics},
	url = {https://aclanthology.org/D18-1163},
	doi = {10.18653/v1/D18-1163},
	pages = {1325--1337}
}

%------------------------------------ 2017 ------------------------------------%

@inproceedings{Alzetta2017a,
	title = {{Dangerous Relations in Dependency Treebanks}},
	author = {Alzetta, Chiara and Dell{'}Orletta, Felice and Montemagni, Simonetta and Venturi, Giulia},
	booktitle = {Proceedings of the 16th International Workshop on Treebanks and Linguistic Theories},
	year = {2017},
	address = {Prague, Czech Republic},
	url = {https://aclanthology.org/W17-7624},
	pages = {201--210}
}

@book{Best2017a,
	title = {{Quantitative Linguistics, an Invitation}},
	author = {Best, {Karl-Heinz} and Rottmann, Otto},
	editor = {Fan, Fengxiang and Kelih, Emmerich and K\"{o}hler, Reinhard and Ma\v{c}utek, J\'{a}n and Wheeler, {Eric S.}},
	year = {2017},
	address = {L\"{u}denscheid, Germany},
	edition = {1},
	isbn = {978-3-942303-51-4},
	publisher = {RAM-Verlag}
}

@inproceedings{Croft2017a,
	title = {{Linguistic Typology meets Universal Dependencies}},
	author = {Croft, William and Nordquist, Dawn and Looney, Katherine and Regan, Michael},
	booktitle = {TLT},
	year = {2017}
}

@article{Esteban2017a,
	title = {{A Correction on Shiloach's Algorithm for Minimum Linear Arrangement of Trees}},
	author = {Esteban, Juan~Luis and {Ferrer-i-Cancho}, Ramon},
	journal = {SIAM Journal on Computing},
	volume = {46},
	number = {3},
	pages = {1146-1151},
	year = {2017},
	doi = {10.1137/15M1046289},
	url = {https://arxiv.org/abs/1511.01061}
}

@article{Gomez2017a,
	title = {{Scarcity of crossing dependencies: A direct outcome of a specific constraint?}},
	author = {{G\'{o}mez-Rodr\'{i}guez}, Carlos and {Ferrer-i-Cancho}, Ramon},
	journal = {Physical Review E},
	volume = {96},
	issue = {6},
	pages = {062304},
	numpages = {12},
	year = {2017},
	month = {12},
	publisher = {American Physical Society},
	doi = {10.1103/PhysRevE.96.062304},
	url = {https://link.aps.org/doi/10.1103/PhysRevE.96.062304}
}

@inproceedings{Kahane2017a,
	title = {{What are the limitations on the flux of syntactic dependencies? Evidence from UD treebanks}},
	author = {Kahane, Sylvain and Yan, Chunxiao and Botalla, {Marie-Am\'{e}lie}},
	city = {Pisa, Italy},
	booktitle = {Proceedings of the Fourth International Conference on Dependency Linguistics},
	month = {9},
	pages = {73-82},
	url = {https://aclanthology.org/W17-6510},
	year = {2017},
	HAL_ID = {hal-01675325}
}

@article{Liu2017a,
	title = {{Dependency distance: A new perspective on syntactic patterns in natural languages}},
	author = {Liu, Haitao and Xu, Chunshan and Liang, Junying},
	journal = {Physics of Life Reviews},
	volume = {21},
	pages = {171--193},
	year = {2017},
	issn = {1571-0645},
	doi = {10.1016/j.plrev.2017.03.002}
}

@book{Mitzenmacher2017a,
	title = {{Probability and Computing. Randomization and Probabilistic Techniques in Algorithms and Data Analysis}},
	author = {Mitzenmacher, Michael and Upfal, Eli},
	isbn = {978-1-107-15488-9},
	year = {2017},
	publisher = {Cambridge University Press}
}

%------------------------------------ 2016 ------------------------------------%

@article{Esteban2016a,
	title = {{The scaling of the minimum sum of edge lengths in uniformly random trees}},
	journal = {Journal of Statistical Mechanics: Theory and Experiment},
	author = {Esteban, Juan~Luis and {Ferrer-i-Cancho}, Ramon and {G\'{o}mez-Rodr\'{i}guez}, Carlos},
	doi = {10.1088/1742-5468/2016/06/063401},
	year = 2016,
	month = {06},
	publisher = {{IOP} Publishing},
	volume = {2016},
	number = {6},
	pages = {063401}
}

@incollection{Ferrer2016a,
	title = {{Non-crossing dependencies: least effort, not grammar}},
	author = {{Ferrer-i-Cancho}, Ramon},
	year = {2016},
	booktitle = {Towards a theoretical framework for analyzing complex linguistic networks},
	editor = {Mehler, Alexander and L\"{u}cking, Andy and Banisch, Sven and Blanchard, Philippe and Job, Barbara}, 
	publisher = {Springer},
	address = {Berlin},
	pages = {203-234},
	doi = {10.1007/978-3-662-47238-5_10},
	ISBN = {978-3-662-47238-5}
}

@article{Gomez2016a,
	title = {{Restricted Non-Projectivity: Coverage vs. Efficiency}},
	author = {{G\'{o}mez-Rodr\'{i}guez}, Carlos},
	journal = {Computational Linguistics},
	volume = {42},
	number = {4},
	pages = {809-817},
	year = {2016},
	month = {12},
	issn = {0891-2017},
	doi = {10.1162/COLI_a_00267}
}

@article{Gulordava2016a,
	title = {{Multi-lingual Dependency Parsing Evaluation: a Large-scale Analysis of Word Order Properties using Artificial Data}},
	author = {Gulordava, Kristina and Merlo, Paola},
	journal = {Transactions of the Association for Computational Linguistics},
	volume = {4},
	year = {2016},
	pages = {343--356}
}

@article{Passarotti2016a,
	title = {{How Far Is Stanford from Prague (and vice versa)? Comparing Two Dependency-based Annotation Schemes by Network Analysis}},
	author = {Passarotti, {Marco Carlo}},
	year = {2016},
	language = {English},
	pages = {21--46},
	journal = {L'ANALISI LINGUISTICA E LETTERARIA},
	issn = {1122-1917},
	publisher = {Vita e Pensiero, Milano},
	url = {https://doaj.org/article/1ab156cab2b64fba8ce070cbc23cf338}
}

%------------------------------------ 2015 ------------------------------------%

@article{Ferrer2015a,
	title = {{The placement of the head that minimizes online memory. A complex systems approach}},
	author = {{Ferrer-i-Cancho}, Ramon},
	year = {2015},
	journal = {Language Dynamics and Change},
	volume = {5},
	number = {1},
	pages = {114-137},
	doi = {10.1163/22105832-00501007}
}

@article{Futrell2015a,
	title = {{Large-scale evidence of dependency length minimization in 37 languages}},
	author = {Futrell, Richard and Mahowald, Kyle and Gibson, Edward},
	journal = {Proceedings of the National Academy of Sciences},
	volume = {112},
	number = {33},
	pages = {10336--10341},
	year = {2015},
	doi = {10.1073/pnas.1502134112}
}

@inproceedings{Gulordava2015a,
	title = {{Diachronic Trends Word Order Freedom and Dependency Length in Dependency-Annotated Corpora of Latin and Ancient Greek}},
	author = {Gulordava, Kristina and Merlo, Paola},
	booktitle = {Proceedings of the {Third International Conference on Dependency Linguistics (Depling 2015)}},
	month = {08},
	year = {2015},
	address = {Uppsala, Sweden},
	publisher = {Uppsala University},
	pages = {121--130},
	url = {http://www.aclweb.org/anthology/W15-2115}
}

@article{Jiang2015a,
	title = {{The effects of sentence length on dependency distance, dependency direction and the implications-based on a parallel English-Chinese dependency treebank}},
	author = {Jiang, Jingyang and Liu, Haitao},
	year = {2015},
	journal = {Language Sciences},
	volume = {50}, 
	pages = {93-104}
}

@inproceedings{Jing2015a,
	title = {{Mean hierarchical distance. Augmenting mean dependency distance}},
	author = {Jing, Yingqi and Liu, Haitao}, 
	year = {2015},
	booktitle = {Proceedings of the Third International Conference on Dependency Linguistics}, 
	pages = {161-170}
}

%------------------------------------ 2014 ------------------------------------%

@article{Ferrer2014a,
	title = {{A stronger null hypothesis for crossing dependencies}},
	author = {{Ferrer-i-Cancho}, Ramon},
	doi = {10.1209/0295-5075/108/58003},
	year = {2014},
	month = {12},
	publisher = {{IOP} Publishing},
	volume = {108},
	number = {5},
	pages = {58003},
	journal = {{EPL} (Europhysics Letters)}
}

@article{Ferrer2014b,
	title = {{The risks of mixing dependency lengths from sequences of different length}},
	author = {{Ferrer-i-Cancho}, Ramon and Liu, Haitao},
	journal = {Glottotheory},
	volume = {5},
	issue = {2},
	year = {2014},
	pages = {143-155},
	doi = {10.1515/glot-2014-0014}
}

@book{Iordanskii2014a,
	title = {{Introduction to graph theory}},
	author = {Iordanskii, {Mikhail Anatolievich}},
	address = {Nizhny Novgorod},
	publisher = {Minin Pedagogical State University}, 
	year = {2014},  
	note = {in Russian}
}

@article{McKay2014a,
	title = {{Practical graph isomorphism, II}},
	author = {McKay, {Brendan D.} and Piperno, Adolfo},
	journal = {Journal of Symbolic Computation},
	volume = {60},
	pages = {94-112},
	year = {2014},
	issn = {0747-7171},
	doi = {10.1016/j.jsc.2013.09.003},
	url = {https://www.sciencedirect.com/science/article/pii/S0747717113001193}
}

@article{SanDiego2014a,
	title = {{The $b$-chromatic number of bistar graph}},
	author = {{San Diego}, {Immanuel T.} and Gella, {Frederick S.}},
	journal = {Applied Mathematical Sciences},
	volume = {8},
	year = {2014},
	number = {116},
	pages = {5795-5800},
	doi = {10.12988/ams.2014.47529}
}

@inproceedings{Marneffe2014a,
	title = {{Universal Stanford dependencies: A cross-linguistic typology}},
	author = {{de Marneffe}, {Marie-Catherine} and Dozat, Timothy and Silveira, Natalia and Haverinen, Katri and Ginter, Filip and Nivre, Joakim and Manning, {Christopher D.}},
	booktitle = {LREC},
	year = {2014}
}

%------------------------------------ 2013 ------------------------------------%

@article{Ferrer2013a,
	title = {{Hubiness, length, crossings and their relationships in dependency trees}},
	author = {{Ferrer-i-Cancho}, Ramon},
	journal = {Glottometrics},
	year = {2013},
	volume = {25},
	pages = {1--21},
	url = {http://hdl.handle.net/2117/176972}
}

@article{Pitler2013a,
	title = {{Finding Optimal 1-Endpoint-Crossing Trees}},
	author = {Pitler, Emily and Kannan, Sampath and Marcus, Mitchell},
	journal = {Transactions of the Association for Computational Linguistics},
	volume = {1},
	address = {Cambridge, MA},
	pages = {13-24},
	url = {https://www.mitpressjournals.org/doi/pdfplus/10.1162/tacl_a_00206},
	year = {2013},
	doi = {10.1162/tacl_a_00206},
	url = {https://aclanthology.org/Q13-1002}
}

%------------------------------------ 2012 ------------------------------------%

@book{Kholer2012a,
	title = {{Quantitative Syntax Analysis}},
	author = {K\"{o}hler, Reinhard and Altmann, Gabriel},
	year = {2012},
	series = {Quantitative linguistics},
	isbn = {9783110272192},
	publisher = {De Gruyter Mouton}
}

%------------------------------------ 2011 ------------------------------------%

@article{Gomez2011a,
	title = {{Dependency Parsing Schemata and Mildly Non-Projective Dependency Parsing}},
	author = {{G\'{o}mez-Rodr\'{i}guez}, Carlos and Carroll, John and Weir, David},
	journal = {Computational Linguistics},
	number = {3},
	pages = {541--586},
	volume = {37},
	year = {2011},
	doi = {10.1162/COLI_a_00060}
}

@article{Petit2011a,
	title = {{Addenda to the Survey of Layout Problems}},
	author = {Jordi Petit},
	year = {2011},
	url = {http://albcom.lsi.upc.edu/ojs/index.php/beatcs/article/view/30},
	journal = {Bulletin of the EATCS},
	volume = {105},
	pages = {177-201}
}

%------------------------------------ 2010 ------------------------------------%

@article{Gildea2010a,
	title = {{Do Grammars Minimize Dependency Length?}},
	author = {Gildea, David and Temperley, David},
	journal = {Cognitive Science},
	volume = {34},
	number = {2},
	pages = {286-310},
	year = {2010},
	doi = {10.1111/j.1551-6709.2009.01073.x}
}

@inproceedings{Gomez2010a,
	title = {{A transition-based parser for 2-planar dependency structures}},
	author = {{G\'{o}mez-Rodr\'{i}guez}, Carlos and Nivre, Joakim},
	booktitle = {Proceedings of the 48th Annual Meeting of the Association for Computational Linguistics},
	month = {7},
	year = {2010},
	address = {Uppsala, Sweden},
	publisher = {Association for Computational Linguistics},
	url = {https://aclanthology.org/P10-1151},
	pages = {1492--1501},
}

@inbook{HandbookComputationalLinguistics2010a_Introduction,
	title = {{Introduction}},
	publisher = {John Wiley \& Sons, Ltd},
	isbn = {9781444324044},
	booktitle = {The Handbook of Computational Linguistics and Natural Language Processing},
	pages = {1-8},
	doi = {https://doi.org/10.1002/9781444324044.ch},
	url = {https://onlinelibrary.wiley.com/doi/abs/10.1002/9781444324044.ch},
	year = {2010}
}

@article{Liu2010a,
	title = {{Dependency direction as a means of word-order typology: a method based on dependency treebanks}},
	author = {Liu, Haitao},
	journal = {Lingua},
	year = {2010}, 
	volume = {120},
	number = {6},  
	pages = {1567-1578}
}

@phdthesis{Tily2010a,
	title = {{The role of processing complexity in word order variation and change}},
	author = {Tily, {Harry J.}},
	school = {Stanford University},
	year = {2010},
	month = {08},
	url = {https://searchworks.stanford.edu/view/8714902}
}

%------------------------------------ 2009 ------------------------------------%

@article{Gross2009a,
	title = {{Toward a practical dependency grammar theory of discontinuities}},
	author = {{Gro\ss}, Thomas and Osborne, Timothy}, 
	journal = {SKY Journal of Linguistics},
	year = {2009},
	volume = {22},
	pages = {43--90},
	url = {https://www.linguistics.fi/julkaisut/SKY2009/Gross_Osborne_NETTI.pdf}
}

@inproceedings{Li2009a,
	title = {{First- and Second-Order Expectation Semirings with Applications to Minimum-Risk Training on Translation Forests}},
	author = {Li, Zhifei and Eisner, Jason},
	booktitle = {Proceedings of the 2009 Conference on Empirical Methods in Natural Language Processing},
	month = {08},
	year = {2009},
	address = {Singapore},
	publisher = {Association for Computational Linguistics},
	url = {https://aclanthology.org/D09-1005},
	pages = {40--51}
}

@inproceedings{Nivre2009a,
	title = {{Non-projective Dependency Parsing in Expected Linear Time}},
	author = {Nivre, Joakim},
	booktitle = {Proceedings of the Joint Conference of the 47th Annual Meeting of the ACL and the 4th International Joint Conference on Natural Language Processing of the AFNLP},
	series = {ACL '09},
	year = {2009},
	isbn = {978-1-932432-45-9},
	location = {Suntec, Singapore},
	pages = {351--359},
	numpages = {9},
	url = {https://aclanthology.org/P09-1040},
	publisher = {Association for Computational Linguistics},
	address = {Stroudsburg, PA, USA}
}

@inproceedings{Park2009a,
	title = {{Minimal-length linearizations for mildly context-sensitive dependency trees}},
	author = {Park, {Y. Albert} and Levy, {Roger P.}},
	booktitle = {Proceedings of Human Language Technologies: The 2009 Annual Conference of the North American Chapter of the Association for Computational Linguistics},
	year = {2009},
	location = {Boulder, Colorado, USA},
	address = {Stroudsburg, PA, USA},
	publisher = {Association for Computational Linguistics},
	pages = {335--343},
	url = {https://aclanthology.org/N09-1038/}
}

%------------------------------------ 2008 ------------------------------------%

@article{Liu2008a,
	title = {{Dependency Distance as a Metric of Language Comprehension Difficulty}},
	author = {Liu, Haitao},
	journal = {Journal of Cognitive Science},
	issn = {1598-2327},
	year = {2008},
	volume = {9},
	number = {2},
	pages = {159-191},
	doi = {10.17791/jcs.2008.9.2.159}
}

@book{Ritz2008a,
	title = {{Non-linear regression with R}},
	author = {Ritz, Christian and Streibig, {Jens Carl}},
	doi = {10.1007/978-0-387-09616-2},
	isbn = {978-0-387-09615-5},
	edition = {1st},
	series = {Use R!},
	publisher = {Springer},
	address = {New York}
}

@article{Rostami2008a,
	title = {{Minimum linear arrangement of Chord graphs}},
	author = {Rostami, Habib and Habibi, Jafar},
	journal = {Applied Mathematics and Computation},
	volume = {203},
	number = {1},
	pages = {358-367},
	year = {2008},
	issn = {0096-3003},
	doi = {10.1016/j.amc.2008.04.051}
}

@article{Verbitsky2008a,
	title = {{On the obfuscation complexity of planar graphs}},
	author = {Verbitsky, Oleg},
	journal = {Theoretical Computer Science},
	volume = {396},
	number = {1},
	pages = {294-300},
	year = {2008},
	issn = {0304-3975},
	doi = {10.1016/j.tcs.2008.02.032}
}

%------------------------------------ 2007 ------------------------------------%

@article{deMier2007a,
	title = {{$k$-noncrossing and $k$-nonnesting graphs and fillings of Ferrers diagrams}},
	author = {{de Mier}, Anna},
	journal = {Electronic Notes in Discrete Mathematics},
	volume = {28},
	pages = {3-10},
	year = {2007},
	note = {6th Czech-Slovak International Symposium on Combinatorics, Graph Theory, Algorithms and Applications},
	issn = {1571-0653},
	doi = {10.1016/j.endm.2007.01.002}
}

@inproceedings{Gildea2007a,
	title = {{Optimizing Grammars for Minimum Dependency Length}},
	author = {Gildea, Daniel and Temperley, David},
	booktitle = {Proceedings of the 45th Annual Meeting of the Association of Computational Linguistics},
	month = {06},
	year = {2007},
	address = {Prague, Czech Republic},
	publisher = {Association for Computational Linguistics},
	url = {https://www.aclweb.org/anthology/P07-1024},
	pages = {184--191}
}

@inproceedings{Havelka2007a,
	title = {{Beyond projectivity: multilingual evaluation of constraints and measures on non-projective structures}},
	author = {Havelka, Ji\v{r}\'{i}},
	booktitle = {Proceedings of the 45th Annual Meeting of the Association of Computational Linguistics},
	month = jun,
	year = {2007},
	address = {Prague, Czech Republic},
	publisher = {Association for Computational Linguistics},
	url = {https://aclanthology.org/P07-1077},
	pages = {608--615},
}

@article{Liu2007a,
	title = {{Probability Distribution of Dependency Distance}},
	author = {Liu, Haitao},
	year = {2007},
	month = {06},
	pages = {1-12},
	volume = {15},
	journal = {Glottometrics}
}

@article{Pruzjl2007a,
	title = {{Biological Network Comparison Using Graphlet Degree Distribution}},
	author = {Pr\v{z}ulj, Nata\v{s}a},
	year = {2007},
	publisher = {Oxford University Press, Inc.},
	address = {USA},
	volume = {23},
	number = {2},
	issn = {1367-4803},
	doi = {10.1093/bioinformatics/btl301},
	journal = {Bioinformatics},
	month = {1},
	pages = {e177--e183}
}

%------------------------------------ 2006 ------------------------------------%

@inproceedings{Buchholz2006a,
	title = {{CoNLL-X Shared Task on Multilingual Dependency Parsing}},
	author = {Buchholz, Sabine and Marsi, Erwin},
	booktitle = {Proceedings of the Tenth Conference on Computational Natural Language Learning ({C}o{NLL}-X)},
	month = {06},
	year = {2006},
	address = {New York City},
	publisher = {Association for Computational Linguistics},
	url = {https://aclanthology.org/W06-2920},
	pages = {149--164},
}

@article{Ferrer2006a,
	title = {{Why do syntactic links not cross?}},
	author = {{Ferrer-i-Cancho}, Ramon},
	year = 2006,
	month = {12},
	publisher = {{IOP} Publishing},
	volume = {76},
	number = {6},
	pages = {1228--1235},
	journal = {Europhysics Letters ({EPL})},
	doi = {10.1209/epl/i2006-10406-0}
}

@book{Harper2004a,
	title = {{Global Methods for Combinatorial Isoperimetric Problems}},
	author = {Harper, {Lawrence H.}},
	year = {2004},
	month = {02},
	publisher = {Cambridge University Press},
	doi = {10.1017/cbo9780511616679},
}

@inproceedings{Kuhlmann2006a,
	title = {{Mildly Non-Projective Dependency Structures}},
	author = {Kuhlmann, Marco and Nivre, Joakim},
	booktitle = {Proceedings of the COLING/ACL 2006 Main Conference Poster Sessions},
	doi = {10.3115/1273073.1273139},
	month = {07},
	pages = {507--514},
	year = {2006},
	location = {Sydney, Australia},
	series = {COLING-ACL '06}
}

@inproceedings{Nivre2006a,
	title = {{Constraints on Non-Projective Dependency Parsing}},
	author = {Nivre, Joakim},
	editor = {McCarthy, Diana  and Wintner, Shuly},
	booktitle = {11th Conference of the {E}uropean Chapter of the Association for Computational Linguistics},
	month = {4},
	year = {2006},
	address = {Trento, Italy},
	publisher = {Association for Computational Linguistics},
	url = {https://aclanthology.org/E06-1010},
	pages = {73--80}
}

@misc{Hajic2006a,
	title = {{Prague Dependency Treebank {\em 2.0}}},
	author = {Haji\v{c}, Jan and Panevov\'{a}, Jarmila and Haji\v{c}ov\'{a}, Eva and Panevov\'{a}, Jarmila and Sgall, Petr and Pajas, Petr and \v{S}t\v{e}p\'{a}nek, Jan and Havelka, Ji\v{r}\'{i} and Mikulov\'{a}, Marie},
	howpublished = {CDROM CAT: LDC2006T01, ISBN 1-58563-370-4. Linguistic Data Consortium},
	year = {2006},
	publisher = {Linguistic Data Consortium}
}

%------------------------------------ 2005 ------------------------------------%

@inproceedings{McDonald2005a,
	title = {{Non-Projective Dependency Parsing using Spanning Tree Algorithms}},
	author = {McDonald, Ryan and Pereira, Fernando and Ribarov, Kiril and Haji\v{c}, Jan},
	year = {2005},
	booktitle = {Proceedings of the conference on Human Language Technology and Empirical Methods in Natural Language Processing},
	pages = {523--530},
	doi = {10.3115/1220575.1220641}
}

%------------------------------------ 2004 ------------------------------------%

@article{Cordella2004a,
	title = {{A (sub)graph isomorphism algorithm for matching large graphs}},
	author = {Cordella, {Luigi P.} and Foggia, Pasquale and Sansone, Carlo and Vento, Mario},
	journal = {IEEE Transactions on Pattern Analysis and Machine Intelligence},
	year = {2004},
	volume = {26},
	number = {10},
	pages = {1367-1372},
	doi = {10.1109/TPAMI.2004.75}
}

@PhDThesis{Eppler2004a,
	title = {{The syntax of German-English code-switching}},
	author = {Eppler, {Eva Maria}},
	year = {2005},
	address = {London},
	school = {University College},
	note = {(unpublished)},
	publisher = {University of London}
}

@article{Ferrer2004a,
	title = {{Euclidean distance between syntactically linked words}},
	author = {{Ferrer-i-Cancho}, Ramon},
	journal = {Physical Review E},
	volume = {70},
	issue = {5},
	pages = {056135},
	numpages = {5},
	year = {2004},
	month = {11},
	publisher = {American Physical Society},
	doi = {10.1103/PhysRevE.70.056135},
}

%------------------------------------ 2003 ------------------------------------%

@PhDThesis{Ferrer2003a,
	title = {{Language Universals: Principles and Origins}},
	author = {{Ferrer-i-Cancho}, Ramon},
	year = {2003},
	school = {Universitat Polit\'{e}cnica de Catalunya - BarcelonaTech},
	note = {(unpublished)},
	url = {http://hdl.handle.net/10803/671775}
}

@article{Hochberg2003a,
	title = {{Optimal one-page tree embeddings in linear time}},
	author = {Hochberg, {Robert A.} and Stallmann, {Matthias F.}},
	journal = {Information Processing Letters},
	volume = {87},
	number = {2},
	pages = {59--66},
	year = {2003},
	issn = {0020-0190},
	doi = {10.1016/S0020-0190(03)00261-8}
}

%------------------------------------ 2002 ------------------------------------%

@book{Burnham2002a,
	title = {{Model selection and multimodel inference. A practical information-theoretic approach}},
	author = {Burnham, {Kenneth P.} and Anderson, {David R.}},
	year = {2002},
	edition = {2nd},
	address = {New York},
	publisher = {Springer},
	doi = {10.1007/b97636},
	isbn = {978-0-387-95364-9}
}

@inproceedings{Eisner2002a,
	title = {{Parameter Estimation for Probabilistic Finite-State Transducers}},
	author = {Eisner, Jason},
	booktitle = {Proceedings of the 40th Annual Meeting of the Association for Computational Linguistics},
	month = {07},
	year = {2002},
	address = {Philadelphia, Pennsylvania, USA},
	publisher = {Association for Computational Linguistics},
	url = {https://aclanthology.org/P02-1001},
	doi = {10.3115/1073083.1073085},
	pages = {1--8}
}

%------------------------------------ 2001 ------------------------------------%

@book{Cormen2001a,
	title = {{Introduction to Algorithms}},
	address = {Cambridge, MA, USA},
	author = {Cormen, {Thomas H.} and Leiserson, {Charles E.} and Rivest, {Ronald L.} and Stein, Clifford},
	edition = {2nd},
	publisher = {The MIT Press},
	year = {2001}
}

@article{Hassin2001a,
	title = {{Approximation Algorithms for Maximum Linear Arrangement}},
	author = {Hassin, Refael and Rubinstein, Shlomi},
	journal = {Information Processing Letters},
	year = {2001}, 
	volume = {80},
	number = {4},
	pages = {171--177},
	issn = {0020-0190},
	doi = {10.1016/S0020-0190(01)00159-4}
}

@article{Shahrokhi2001a,
	title = {{On Bipartite Drawings and the Linear Arrangement Problem}},
	author = {Shahrokhi, Farhad and S\'{y}kora, Ondrej and Sz\'{e}kely, {L\'{a}szl\'{o} A.} and Vrto, Imrich},
	journal = {SIAM Journal on Computing},
	year = {2001}, 
	volume = {30}, 
	number = {6}, 
	pages = {1773--1789},
	doi = {10.1137/S0097539797331671}
}

%------------------------------------ 2000 ------------------------------------%

@inproceedings{Hassin2000a,
	title = {{Approximation Algorithms for Maximum Linear Arrangement}},
	author = {Hassin, Refael and Rubinstein, Shlomi},
	booktitle = {Scandinavian Workshop on Algorithm Theory - Algorithm Theory - SWAT 2000},
	year = {2000},
	volume = {1851},
	pages = {231-236},
	doi = {10.1007/3-540-44985-X_21}
}

@article{Morrill2000a,
	title = {{Incremental processing and acceptability}},
	author = {Morrill, Glyn},
	journal = {Computational Linguistics},
	year = {2000},
	volume = {25},
	number = {3},
	pages = {319-338},
	doi = {10.1162/089120100561728}
}

%------------------------------------ 1999 ------------------------------------%

@article{Hiranuma1999a,
	title = {{Syntactic difficulty in English and Japanese: A textual study}},
	author = {Hiranuma, So},
	journal = {UCL Working Papers in Linguistics},
	year = {1999},
	volume = {11},
	pages = {309--322}
}

%------------------------------------ 1998 ------------------------------------%

@article{Agresti1998a,
	title = {{Approximate is Better than ``Exact'' for Interval Estimation of Binomial Proportions}},
	author = {Agresti, Alan and Coull, {Brent A.}},
	journal = {The American Statistician},
	volume = {52},
	number = {2},
	year = {1998},
	pages = {119--126},
	doi = {10.2307/2685469}
}

%------------------------------------ 1997 ------------------------------------%

@phdthesis{Horton1997a,
	title = {{The Optimal Linear Arrangement problem: Algorithms and Approximation}},
	author = {Horton, Steven},
	school = {Georgia Institute of Technology},
	year = {2000},
	url = {https://api.semanticscholar.org/CorpusID:118162661}
}

%------------------------------------ 1996 ------------------------------------%

@inproceedings{Lin1996a,
	title = {{On the Structural Complexity of Natural Language Sentences}},
	author = {Lin, Dekang},
	booktitle = {{COLING 1996 Volume 2: The 16th International Conference on Computational Linguistics}},
	year = {1996},
	url = {https://aclanthology.org/C96-2123}
}

%------------------------------------ 1995 ------------------------------------%

@article{Hudson1995a,
	title = {{Measuring syntactic difficulty}},
	author = {Hudson, Richard}, 
	journal = {Unpublished paper},
	year = {1995}, 
	url = {https://dickhudson.com/wp-content/uploads/2013/07/Difficulty.pdf}
}

%------------------------------------ 1994 ------------------------------------%

@article{Goh1994a,
	title = {{Unlabeled Trees: Distribution of the Maximum Degree}},
	author = {Goh, {William M. Y.} and Schmutz, Eric},
	journal = {Random Structures and Algorithms},
	volume = {5},
	number = {3},
	pages = {411--440},
	year = {1994},
	doi = {10.1002/rsa.3240050304}
}

%------------------------------------ 1993 ------------------------------------%

@inproceedings{Sleator1993a,
	title = {{Parsing English with a Link Grammar}},
	author = {Sleator, Daniel and Temperley, Davy},
	year = {1993},
	booktitle = {Proceedings of the Third International Workshop on Parsing Technologies (IWPT’93)},
	pages = {277--292},
	publisher = {ACL/SIGPARSE},
	url = {https://dblp.uni-trier.de/db/journals/corr/corr9508.html#abs-cmp-lg-9508004}
}

%------------------------------------ 1992 ------------------------------------%

@article{Chao1992a,
	title = {{Arranging $n$ distinct numbers on a line or a circle to reach extreme total variations}},
	author = {Chao, {Chern-Ching} and Liang, {Wen-Qi}},
	journal = {European Journal of Combinatorics},
	volume = {13},
	number = {5},
	pages = {325--334},
	year = {1992},
	doi = {10.1016/S0195-6698(05)80011-3}
}

%------------------------------------ 1991 ------------------------------------%

@inproceedings{Piazza1991a,
	title = {{Properties of nonminimum crossings for some classes of graphs}},
	author = {Piazza, {Barry L.} and Ringeisen, {Richard D.} and Stueckle, {Sam K.}},
	booktitle = {Proc. 6th Quadrennial Int. 1988 Kalamazoo Conf. Graph Theory Combin. Appl.},
	editor = {Yousef Alavi et al.},
	volume = {2}, 
	pages = {975-989},
	publisher = {Wiley},
	address = {New York}, 
	year = {1991}
}

@article{Tamir1991a,
	title = {{Obnoxious Facility Location on Graphs}},
	author = {Tamir, Arie},
	journal = {{SIAM} Journal on Discrete Mathematics},
	doi = {10.1137/0404048},
	year = {1991},
	month = nov,
	publisher = {Society for Industrial {\&} Applied Mathematics ({SIAM})},
	volume = {4},
	number = {4},
	pages = {550--567}
}

%------------------------------------ 1988 ------------------------------------%

@article{Frederickson1988a,
	title = {{Planar linear arrangements of outerplanar graphs}},
	author = {Frederickson, {G. N.} and Hambrusch, {S. E.}},
	journal = {IEEE Transactions on Circuits and Systems},
	year = {1988},
	volume = {35},
	number = {3},
	pages = {323-333},
	doi = {10.1109/31.1745}
}

@book{Melcuk1988a,
	title = {{Dependency Syntax: Theory and Practice}},
	author = {Mel'\v{c}uk, Igor},
	publisher = {State University of New York Press},
	address = {Albany, NY, USA},
	year = {1988}
}

%------------------------------------ 1987 ------------------------------------%

@inproceedings{Iordanskii1987a,
	title = {{Minimal numberings of the vertices of trees --- Approximate approach}},
	author = {Iordanskii, {Mikhail Anatolievich}},
	booktitle = {Fundamentals of Computation Theory},
	editor = {Budach, Lothar and Bukharajev, Rais Gati\v{c} and Lupanov, Oleg Borisovi\v{c}},
	year = {1987},
	publisher = {Springer Berlin Heidelberg},
	address = {Berlin, Heidelberg},
	pages = {214--217},
	isbn = {978-3-540-48138-6}
}

%------------------------------------ 1986 ------------------------------------%

@article{Mitchison1986a,
	title = {{Optimal numberings of an $N\times N$ array}},
	author = {Mitchison, {Graeme J.} and Durbin, Richard},
	journal = {Siam Journal on Algebraic and Discrete Methods},
	year = {1986},
	volume = {7},
	number = {4},
	pages = {571-582},
	doi = {10.1137/0607063}
}

@article{Wright1986a,
	title = {{Constant Time Generation of Free Trees}},
	author = {Wright, Robert Alan and Richmond, Bruce and Odlyzko, Andrew and McKay, {Brendan D.}},
	year = {1986},
	month = {05},
	pages = {540-548},
	volume = {15},
	journal = {SIAM Journal on Computing},
	doi = {10.1137/0215039}
}

%------------------------------------ 1985 ------------------------------------%

@article{Renyi1965a,
	title = {{On the height of trees}},
	author = {R\'{e}nyi, Alfr\'{e}d and Szekeres, George},
	volume = {7},
	doi = {10.1017/S1446788700004432},
	number = {4},
	journal = {Journal of the Australian Mathematical Society},
	publisher = {Cambridge University Press},
	year = {1967},
	pages = {497--507}
}

@article{Yannakakis1985a,
	title = {{A Polynomial Algorithm for the Min-Cut Linear Arrangement of Trees}},
	author = {Yannakakis, Mihalis},
	year = {1985},
	issue_date = {Oct. 1985},
	publisher = {Association for Computing Machinery},
	address = {New York, NY, USA},
	volume = {32},
	number = {4},
	issn = {0004-5411},
	doi = {10.1145/4221.4228},
	journal = {Journal of the Association for Computing Machinery},
	month = {10},
	pages = {950--988},
	numpages = {39}
}

%------------------------------------ 1984 ------------------------------------%

@article{Chung1984a,
	title = {{On optimal linear arrangements of trees}},
	author = {Chung, {Fan R. K.}},
	journal = {Computers \& Mathematics with Applications},
	volume = {10},
	number = {1},
	pages = {43--60},
	year = {1984},
	issn = {0898-1221},
	doi = {10.1016/0898-1221(84)90085-3}
}

@article{Zornig1984a,
	title = {{The Distribution of the Distance Between Like Elements in a sequence I}},
	author = {Z\"{o}rnig, Peter},
	journal = {Glottometrika},
	number = {6},
	pages = {1--15},
	volume = {25},
	month = {01},
	year = {1984}
}

%------------------------------------ 1981 ------------------------------------%

@article{Colbourn1981a,
	title = {{Linear Time Automorphism Algorithms for Trees, Interval Graphs, and Planar Graphs}},
	author = {Colbourn, {Charles J.} and Booth, {Kellogg S.}},
	journal = {SIAM Journal on Computing},
	volume = {10},
	number = {1},
	pages = {203-225},
	year = {1981},
	doi = {10.1137/0210015}
}

@article{Wilf1981a,
	title = {{The uniform selection of free trees}},
	author = {Wilf, {Herbert S.}},
	year = {1981},
	journal = {Journal of Algorithms}, 
	issn = {0196-6774},
	volume = {2},
	issue = {2},
	pages = {204-207},
	publisher = {Elsevier BV},
	doi = {10.1016/0196-6774(81)90021-3}
}

%------------------------------------ 1980 ------------------------------------%

@article{Beyer1980a,
	author = {Beyer, Terry and Hedetniemi, {Sandra Mitchell}},
	title = {{Constant Time Generation of Rooted Trees}},
	journal = {SIAM Journal on Computing},
	volume = {9},
	number = {4},
	pages = {706-712},
	year = {1980},
	doi = {10.1137/0209055}
}

@book{Heringer1980a,
	title = {{Syntax. Fragen, L\"{o}sungen, Alternativen}},
	author = {Heringer, {Hans-J\"{u}rgen} and Strecker, Bruno and Wimmer, Rainer},
	isbn = {3770509366},
	year = {1980},
	publisher = {Finch},
	address = {Berlin, Germany}
}

@article{Muradyan1980a,
	title = {{Minimal numberings of vertices of a rectangular lattice}},
	author = {Muradyan, {D. O.} and Piliposyan, {T. E.}},
	journal = {Akademiya Nauk Armjan. SRR},
	year = {1980},
	pages = {21--27. In Russian},
	volume = {1},
	number = {70}
}

%------------------------------------ 1979 ------------------------------------%

@book{Garey1979a,
	title = {{Computers and Intractability}},
	author = {Garey, {Michael R.} and Johnson, {David S.}},
	year = {1979},
	isbn = {0-7167-1045-5},
	publisher = {W. H. Freeman and Company},
	address = {New York}
}

@article{Hubel1979a,
	title = {Brain Mechanisms of Vision},
	author = {Hubel, {David H.} and Wiesel, {Torsten N.}},
	doi = {10.1038/scientificamerican0979-150},
	year = {1979},
	month = sep,
	publisher = {Springer Science and Business Media {LLC}},
	volume = {241},
	number = {3},
	pages = {150--162},
	journal = {Scientific American}
}

@article{Shiloach1979a,
	title = {{A Minimum Linear Arrangement Algorithm for Undirected Trees}},
	author = {Shiloach, Yossi},
	journal = {SIAM Journal on Computing},
	volume = {8},
	number = {1},
	pages = {15--32},
	year = {1979},
	doi = {10.1137/0208002}
}

%------------------------------------ 1978 ------------------------------------%

@book{Nijenhuis1978a,
	author = {Nijenhuis, Albert and Wilf, {Herbert S.}},
	title = {{Combinatorial Algorithms: For Computers and Hard Calculators}},
	year = {1978},
	isbn = {0125192606},
	edition = {2nd},
	publisher = {Academic Press, Inc.},
	address = {Orlando, FL, USA},
}

%------------------------------------ 1976 ------------------------------------%

@article{Garey1976a,
	title = {{Some Simplified NP-Complete Graph Problems}},
	author = {Garey, {Michael R.} and Johnson, {David S.} and Stockmeyer, {Larry J.}},
	journal = {Theoretical Computer Science},
	volume = {1},
	number = {3},
	pages = {237--267},
	year = {1976},
	doi = {10.1016/0304-3975(76)90059-1}
}

@techreport{Goldberg1976a,
	title = {{Minimal placing of trees on a line}},
	author = {Goldberg, {Mark K.} and Klipker, {I. A.}},
	institution = {Physico-Technical Institute of Low Temperatures. Academy of Sciences of Ukranian SSR, USSR},
	note = {in Russian},
	year = {1976}
}

%------------------------------------ 1975 ------------------------------------%

@techreport{Even1975a,
	title = {{NP-Completeness of several arrangement problems}},
	author = {Even, Shimon and Shiloach, Yossi},
	year = {1975},
	institution = {Technion, Israel Institute of Technology},
	type = {{T}echnical {R}eport ({CS}0043)},
	url = {http://www.cs.technion.ac.il/users/wwwb/cgi-bin/tr-info.cgi/1975/CS/CS0043}
}

%------------------------------------ 1974 ------------------------------------%

@book{Aho1974a,
	title = {{The Design and Analysis of Computer Algorithms}},
	author = {Aho, {Alfred V.} and Hopcroft, {Jeffrey E.} and Ullman, {John D.}},
	series = {Addison-Wesley series in computer science and information processing},
	year = {1974},
	isbn = {9780201000290},
	edition = {1st},
	publisher = {Addison-Wesley Publishing Company},
	address = {Michigan University}
}

@article{Bernhart1974a,
	title = {{The Book Thickness of a Graph}},
	author = {Bernhart, Frank and Kainen, {Paul C.}},
	journal = {Journal of Combinatorial Theory, Series B},
	volume = {27},
	number = {3},
	pages = {320--331},
	year = {1979},
	issn = {0095-8956},
	doi = {10.1016/0095-8956(79)90021-2}
}

%------------------------------------ 1973 ------------------------------------%

@article{Adolphson1973a,
	author = {Adolphson, D. and Hu, {T. C.}},
	title = {Optimal Linear Ordering},
	journal = {SIAM Journal on Applied Mathematics},
	volume = {25},
	number = {3},
	pages = {403-423},
	year = {1973},
	doi = {10.1137/0125042}
}

@article{Harary1973a,
	title = {{The number of caterpillars}},
	author = {Harary, Frank and Schwenk, {Allen J.}},
	journal = {Discrete Mathematics},
	issn = {0012365X},
	issue = {4},
	pages = {359--365},
	volume = {6},
	year = {1973},
	doi = {10.1016/0012-365X(73)90067-8}
}

%------------------------------------ 1972 ------------------------------------%

%------------------------------------ 1971 ------------------------------------%

@article{Goldman1971a,
	title = {{Optimal Center Location in Simple Networks}},
	author = {Goldman, {A. J.}},
	journal = {Transportation Science},
	volume = {5},
	number = {2},
	pages = {212--221},
	year = {1971},
	doi = {10.1287/trsc.5.2.212}
}

@article{Harary1971a,
	title = {{Trees with Hamiltonian square}},
	author = {Harary, Frank and Schwenk, {Allen J.}},
	doi = {10.1112/s0025579300008494},
	year = {1971},
	month = jun,
	publisher = {Wiley},
	volume = {18},
	number = {1},
	pages = {138--140},
	journal = {Mathematika}
}

%------------------------------------ 1970 ------------------------------------%

@incollection{Bever1970a,
	title = {{The cognitive basis for linguistic structures}},
	author = {Bever, {Thomas G.}},
	booktitle = {{Cognition and the Development of Language}},
	publisher = {Wiley {\&} Sons},
	editor = {Hayes, {John R.}},
	year = {1970}
}

%------------------------------------ 1969 ------------------------------------%

@book{Harary1969a,
	title = {{Graph Theory}},
	author = {Harary, Frank}, 
	year = {1969},
	edition = {2nd},
	publisher = {CRC Press},
	address = {Boca Raton, FL, USA},
}

%------------------------------------ 1967 ------------------------------------%

@article{Rosa1967a,
	title = {{On certain valuations of the vertices of a graph}},
	author = {Rosa, Alexander},
	journal = {Journal of Graph Theory},
	year = {1967},
	month = {01},
	pages = {349-355}
}

%------------------------------------ 1966 ------------------------------------%

%------------------------------------ 1965 ------------------------------------%

@article{Moon1965a,
	title = {{On the Distribution of Crossings in Random Complete Graphs}},
	journal = {Journal of the Society for Industrial and Applied Mathematics},
	volume = {13},
	number = {2},
	year = {1965},
	author = {Moon, {James W.}},
	pages = {506-510},
	doi = {10.1137/0113032}
}

%------------------------------------ 1964 ------------------------------------%

@article{Harper1964a,
	title = {{Optimal Assignments of Numbers to Vertices}},
	journal = {Journal of the Society for Industrial and Applied Mathematics},
	author = {Harper, {Lawrence H.}},
	year = {1964},
	month = mar,
	publisher = {Society for Industrial {\&} Applied Mathematics ({SIAM})},
	volume = {12},
	number = {1},
	pages = {131--135},
	doi = {10.1137/0112012}
}

@article{Hays1964a,
	title = {{Dependency theory: a formalism and some observations}},
	author = {Hays, David},
	year = {1964},
	journal = {Language},
	volume = {40},
	pages = {511--525},
	doi = {10.2307/411934}
}

%------------------------------------ 1962 ------------------------------------%

%------------------------------------ 1960 ------------------------------------%

@article{Land1960a,
	title =  {{An Automatic Method of Solving Discrete Programming Problems}},
	doi = {10.2307/1910129},
	year = {1960},
	month = jul,
	publisher = {{JSTOR}},
	volume = {28},
	number = {3},
	pages = {497},
	author = {Land, {Ailsa H.} and Doig, {Alison G.}},
	journal = {Econometrica}
}

@article{Lecerf1960a,
	title = {{Programme des conflits, mod\`ele des conflits}},
	author = {Lecerf, Yves},
	journal = {Bulletin bimestriel de l'ATALA},
	volume = {1},
	number = {4},
	pages = {11--18},
	year = {1960}
}

%------------------------------------ 1959 ------------------------------------%

@book{Tesniere1959a,
	title = {{\'{E}l\'{e}ments de syntaxe structurale}},
	author = {Tesni\`{e}re, Lucien},
	year = {1959},
	address = {Paris, France},
	isbn = {2-252-01861-5},
	publisher = {Klincksieck}
}

%------------------------------------ 1949 ------------------------------------%

@book{Zipf1949a,
	title = {{Human Behavior and the Principle of Least Effort: An Introduction to Human Ecology}},
	author = {Zipf, {George Kingsley}},
	year = {1949},
	address = {Oxford, England},
	isbn = {978-1614273127},
	publisher = {Addison-Wesley Press}
}

%------------------------------------ 1930 ------------------------------------%

@article{Behaghel1930a,
	title = {{Zur Wortstellung des Deutschen}},
	author = {Otto Behaghel},
	doi = {10.2307/521983},
	year = {1930},
	month = dec,
	publisher = {{JSTOR}},
	volume = {6},
	number = {4},
	pages = {29},
	journal = {Language}
}

%------------------------------------ 1918 ------------------------------------%

@article{Pruefer1918a,
	title = {{Neuer Beweis eines Satzes \"{u}ber Permutationen}},
	author = {Pr\"{u}fer, Heinz},
	journal = {Arch. Math. Phys}, 
	volume = {27}, 
	pages = {742-744}, 
	year = {1918}
}

@article{Ramanujan1918a,
	title = {{Asymptotic Formula\ae{} in Combinatory Analysis}},
	author = {Hardy, {Godfrey Harold} and Ramanujan, Srinivasa},
	journal = {Proceedings of the London Mathematical Society},
	volume = {s2-17},
	number = {1},
	pages = {75-115},
	doi = {10.1112/plms/s2-17.1.75},
	year = {1918}
}

%--------------------------- Personal communication ---------------------------%

@misc{PolyTimeTreesNauty,
	author = {McKay, Brendan},
	date = {2023-09-14},
	howpublished = {Personal communication}
}

%%%%%%%%%%%%%%%%%%%%%%%%%%%%%%%%%%%%%%%%%%%%%%%%%%%%%%%%%%%%%%%%%%%%%%%%%%%%%%%%
%%%%%%%%%%%%%%%%%%%%%%%%%%%%%%%% MISC %%%%%%%%%%%%%%%%%%%%%%%%%%%%%%%%%%%%%%%%%%
%%%%%%%%%%%%%%%%%%%%%%%%%%%%%%%%%%%%%%%%%%%%%%%%%%%%%%%%%%%%%%%%%%%%%%%%%%%%%%%%

@misc{Web_Nauty,
	title = {{nauty and Traces}},
	howpublished = {\url{https://pallini.di.uniroma1.it/}},
	note = {Accessed: 2021-06-10},
	author = {McKay, {Brendan D.} and Piperno, Adolfo}
}

@misc{Web_SWIG,
	title = {{Simplified Wrapper and Interface Generator (v. 4.1.1)}},
	author = {SWIG},
	year = {2023},
	howpublished = {\url{http://www.swig.org/}},
	note = {Accessed: 2023-08-04}
}

@misc{Web_GMP,
	title = {{The GNU Multiple Precision Arithmetic Library}},
	author = {GMP},
	year = {2023},
	howpublished = {\url{https://gmplib.org/}},
	note = {Accessed: 2023-08-04}
}

%------------------------------------------------------------------------------%
%------------------------------------ OEIS ------------------------------------%
%------------------------------------------------------------------------------%

@misc{OEIS_UlabRootTrees,
	title = {{The On-Line Encyclopedia of Integer Sequences -- Number of unlabeled rooted trees}},
	author = {Sloane, {Neil James Alexander}},
	year = {1964-2023},
	howpublished = {\url{https://oeis.org/A000081}},
	note = {Accessed: 2020-11-23}
}

% Number of unlabeled free trees with n nodes
@misc{OEIS_UlabFreeTrees,
	title = {{The On-Line Encyclopedia of Integer Sequences -- Number of unlabeled free trees}},
	author = {Sloane, {Neil James Alexander}},
	year = {1964-2023},
	howpublished = {\url{https://oeis.org/A000055}},
	note = {Accessed: 2020-11-23}
}

% Number of caterpillar trees
@misc{OEIS_CaterpillarTrees,
	title = {{The On-Line Encyclopedia of Integer Sequences -- Number of spider trees}},
	author = {Sloane, {Neil James Alexander}},
	year = {1964-2023},
	howpublished = {\url{https://oeis.org/A005418}},
	note = {Accessed: 2020-11-08}
}

% Number of spider trees
@misc{OEIS_SpiderTrees,
	title = {{The On-Line Encyclopedia of Integer Sequences -- Number of spider trees}},
	author = {Sloane, {Neil James Alexander}},
	year = {1964-2023},
	howpublished = {\url{https://oeis.org/A004250}},
	note = {Accessed: 2020-11-08}
}

% Number of k-linear trees
@misc{OEIS_kLinearTrees,
	title = {{The On-Line Encyclopedia of Integer Sequences - A338706 - Number of $2$-linear trees on $n$ nodes.}},
	author = {Sloane, {Neil James Alexander}},
	year = {1964-2023},
	howpublished = {\url{https://oeis.org/A338706}},
	note = {Accessed: 2022-10-07}
}

%------------------------------------------------------------------------------%
%------------------------------- Python Seminar -------------------------------%
%------------------------------------------------------------------------------%

@misc{Python_seminar_2021_06_04_China,
	title = {{Quantitative Dependency Syntax with the Linear Arrangement Library (LAL). An introduction.}},
	author = {{A.-P.}, L. and {Ferrer-i-Cancho}, Ramon},
	institution = {Zheijang University},
	howpublished = {University Seminar},
	year = {2021},
	note = {Date: 4th June, 2021},
	url = {https://mydisk.cs.upc.edu/s/Hoacc7mF4m8FdST}
}

@misc{Python_seminar_2021_06_03_China,
	title = {{Quantitative Dependency Syntax with the Linear Arrangement Library (LAL). An introduction.}},
	author = {{A.-P.}, L. and {Ferrer-i-Cancho}, Ramon},
	institution = {Zheijang University},
	howpublished = {University Seminar},
	year = {2021},
	note = {Date: 3rd June, 2021},
	url = {https://mydisk.cs.upc.edu/s/cTEySQPDrapbLKz}
}

@misc{Python_seminar_2021_06_01_China,
	title = {{Quantitative Dependency Syntax with the Linear Arrangement Library (LAL). An introduction.}},
	author = {{A.-P.}, L. and {Ferrer-i-Cancho}, Ramon},
	institution = {Zheijang University},
	howpublished = {University Seminar},
	year = {2021},
	note = {Date: 1st June, 2021},
	url = {https://mydisk.cs.upc.edu/s/bG3WcAmzpzfZQc2}
}

%------------------------------------------------------------------------------%
%------------------------------------- UD -------------------------------------%
%------------------------------------------------------------------------------%

@misc{Web_UDHR_main,
	author = {United Nations, Office of the High Commissioner for Human Rights},
	year = {1996--2023},
	howpublished = {\url{https://www.ohchr.org/en/human-rights/universal-declaration/universal-declaration-human-rights/about-universal-declaration-human-rights-translation-project}},
	note = {Accessed: 2023-09-15}
}

@misc{Web_UD,
	title = {{Universal Dependencies}},
	author = {
		{de Marneffe}, {Marie-Catherine} and
		Ginter, Filip and
		Goldberg, Yoav and
		Hajič, Jan and
		Manning, Christopher and
		McDonald, Ryan and
		Nivre, Joakim and
		Petrov, Slav and
		Pyysalo, Sampo and
		Schuster, Sebastian and
		Silveira, Natalia and
		Tsarfaty, Reut and
		Tyers, Francis and
		Zeman, Dan
	},
	year = {2019},
	howpublished = {\url{https://universaldependencies.org/}},
	note = {Accessed: 2021-06-07}
}

@misc{GiacXcas_Manual,
	author = {Marohnić, Luka},
	year = {2018},
	title = {Graph theory package for Giac/Xcas - Reference manual},
	howpublished = {\url{ https://usermanual.wiki/Document/graphtheoryusermanual.346702481/view}},
	note = {Accessed: 2020-01-13},
}

%--------------------------- Personal communication ---------------------------%

@misc{OwnImplementationGulordava,
	author = {Gulordava, Kristina},
	date = {2021-01-18},
	howpublished = {Personal communication}
}
